@article{paez2012measuring,
  title={Measuring accessibility: positive and normative implementations of various accessibility indicators},
  author={P{\'a}ez, Antonio and Scott, Darren M and Morency, Catherine},
  journal={Journal of Transport Geography},
  volume={25},
  pages={141--153},
  year={2012},
  publisher={Elsevier}
}
@article{nycparks,
   author = {Macfarlane, Gregory S. and Boyd, Nico and Taylor, John E. and Watkins, Kari},
   title = {Modeling the impacts of park access on health outcomes: A utility-based accessibility approach},
   journal = {Environment and Planning B: Urban Analytics and City Science},
   volume = {48},
   number = {8},
   pages = {2289-2306},
   ISSN = {2399-8083},
   DOI = {10.1177/2399808320974027},
   url = {https://doi.org/10.1177/2399808320974027},
   year = {2021},
   type = {Journal Article}
}
@book{fainstein_just_2010,
	address = {Ithaca},
	edition = {1st edition},
	title = {The {Just} {City}},
	isbn = {978-0-8014-7690-7},
	language = {English},
	publisher = {Cornell University Press},
	author = {Fainstein, Susan S.},
	month = jul,
	year = {2010},
}
@article{pereira_distributive_2017,
	title = {Distributive justice and equity in transportation},
	volume = {37},
	issn = {0144-1647},
	url = {https://doi.org/10.1080/01441647.2016.1257660},
	doi = {10.1080/01441647.2016.1257660},
	number = {2},
	urldate = {2021-11-17},
	journal = {Transport Reviews},
	author = {Pereira, Rafael H. M. and Schwanen, Tim and Banister, David},
	month = mar,
	year = {2017},
	note = {Publisher: Routledge
\_eprint: https://doi.org/10.1080/01441647.2016.1257660},
}
@incollection{martens_justice-theoretic_2012,
	address = {Northampton, Massachusetts},
	title = {A justice-theoretic exploration of accessibility measures},
	url = {https://www.elgaronline.com/view/edcoll/9781781000106/9781781000106.00020.xml},
	abstract = {"A justice-theoretic exploration of accessibility measures" published on 31 Oct 2012 by Edward Elgar Publishing.},
	language = {en\_US},
	urldate = {2021-11-17},
	booktitle = {Accessibility {Analysis} and {Transport} {Planning}},
	publisher = {Edward Elgar Publishing Inc},
	author = {Martens, Karel},
	editor = {Geurs, Karst T. and Krizek, Kevin J. and Reggiani, Aura},
	month = oct,
	year = {2012},
	note = {ISBN: 9781781000113
Publisher: Edward Elgar Publishing
Section: Accessibility Analysis and Transport Planning},
}
@book{john_paul_ii_centesimus_1991,
	address = {Vatican},
	series = {Encyclical {Letter}},
	title = {Centesimus {Annus}},
	url = {https://www.vatican.va/content/john-paul-ii/en/encyclicals/documents/hf_jp-ii_enc_01051991_centesimus-annus.html},
	urldate = {2021-11-17},
	publisher = {Vatican},
	author = {{John Paul II}},
	month = may,
	year = {1991},
}
@article{taylor_paying_2009,
	title = {Paying for {Transportation}: {What}’s a {Fair} {Price}?},
	volume = {24},
	issn = {0885-4122},
	shorttitle = {Paying for {Transportation}},
	url = {https://doi.org/10.1177/0885412209347156},
	doi = {10.1177/0885412209347156},
  language = {en},
	number = {1},
	urldate = {2021-11-17},
	journal = {Journal of Planning Literature},
	author = {Taylor, Brian D. and Tassiello Norton, Alexandra},
	month = aug,
	year = {2009},
	note = {Publisher: SAGE Publications Inc},
	keywords = {equity, finance, pricing, transportation},
	pages = {22--36},
	file = {SAGE PDF Full Text:C\:\\Users\\cav223\\Zotero\\storage\\K8KQVTSR\\Taylor and Tassiello Norton - 2009 - Paying for Transportation What’s a Fair Price.pdf:application/pdf},
}

@article{schweitzer_environmental_2004,
	title = {Environmental {Injustice} and {Transportation}: {The} {Claims} and the {Evidence}},
	volume = {18},
	issn = {0885-4122},
	shorttitle = {Environmental {Injustice} and {Transportation}},
	url = {https://doi.org/10.1177/0885412204262958},
	doi = {10.1177/0885412204262958},
  language = {en},
	number = {4},
	urldate = {2021-11-17},
	journal = {Journal of Planning Literature},
	author = {Schweitzer, Lisa and Valenzuela, Abel},
	month = may,
	year = {2004},
	note = {Publisher: SAGE Publications Inc},
	keywords = {air pollution, environmental justice, safety, transportation},
	pages = {383--398},
	file = {SAGE PDF Full Text:C\:\\Users\\cav223\\Zotero\\storage\\3VKDFRV5\\Schweitzer and Valenzuela - 2004 - Environmental Injustice and Transportation The Cl.pdf:application/pdf},
}

@book{heller_theory_1976,
	address = {London},
	edition = {1st Edition},
	title = {The {Theory} of {Need} in {Marx}},
	isbn = {978-0-85031-174-7},
	language = {English},
	publisher = {Allison \& Busby},
	author = {Heller, Agnes},
	month = jan,
	year = {1976},
}
@book{rawls2001justice,
  title={Justice as fairness: A restatement},
  author={Rawls, John},
  year={2001},
  publisher={Harvard University Press}
}
@book{nussbaum2001women,
  title={Women and human development: The capabilities approach},
  author={Nussbaum, Martha C},
  number={3},
  year={2001},
  publisher={Cambridge University Press}
}
@article{sen2014development,
  title={Development as freedom (1999)},
  author={Sen, Amartya},
  journal={The globalization and development reader: Perspectives on development and global change},
  volume={525},
  year={2014},
  publisher={Wiley Balckwell Sussex}
}

@article{pereira2017distributive,
  title={Distributive justice and equity in transportation},
  author={Pereira, Rafael HM and Schwanen, Tim and Banister, David},
  journal={Transport reviews},
  volume={37},
  number={2},
  pages={170--191},
  year={2017},
  publisher={Taylor \& Francis}
}
@article{taylor2009paying,
  title={Paying for transportation: What's a fair price?},
  author={Taylor, Brian D and Tassiello Norton, Alexandra},
  journal={Journal of Planning Literature},
  volume={24},
  number={1},
  pages={22--36},
  year={2009},
  publisher={SAGE Publications Sage CA: Los Angeles, CA}
}
@article{schweitzer2004environmental,
  title={Environmental injustice and transportation: the claims and the evidence},
  author={Schweitzer, Lisa and Valenzuela Jr, Abel},
  journal={Journal of planning literature},
  volume={18},
  number={4},
  pages={383--398},
  year={2004},
  publisher={Sage Publications}
}
@book{train2009,
address = {Cambridge},
author = {Train, Kenneth E.},
booktitle = {Computers {\&} Mathematics with Applications},
doi = {10.1016/S0898-1221(04)90100-9},
file = {:Users/gregmacfarlane/Documents/Mendeley Desktop/2009/Train{\_}2009{\_}Discrete Choice Methods with Simulation, 2nd Edition.pdf:pdf},
issn = {08981221},
keywords = {discrete choice models},
mendeley-groups = {High Speed Rail,HomePrices},
month = {mar},
publisher = {Cambridge University Press},
title = {{Discrete Choice Methods with Simulation, 2nd Edition}},
url = {http://linkinghub.elsevier.com/retrieve/pii/S0898122104901009},
year = {2009}
}
@misc{mtctm1,
  author = {{Metropolitan Transportation Commission}},
  title = {Travel Model Development: Calibration and Validation},
  year = {2012},
  note = {\url{https://mtcdrive.app.box.com/s/7crr7bwhromi2au42jnpp11fqe5l24xq}}
}
